@inproceedings{ABBJ10,
 author = {Gaurav Aggrawal and Elie Bursztein and Collin Jackson and Dan Boneh},
 title = {An analysis of private browsing modes in modern browsers},
 year = 2010,
 booktitle = {Proc. of 19th Usenix Security Symposium}
}

@misc{aboutprofile,
  author="Edward Lee",
  title={{about:profile -- Analyzing Data in {F}irefox}},
  howpublished={\url{https://blog.mozilla.org/labs/2012/10/about-profile-analyzing-data-in-firefox}},
  year=2012,
  month="October"}

@inproceedings{barth,
  author="Adam Barth and Anupam Datta and John C. Mitchell and Helen Nissenbaum",
  title={{Privacy and Contextual Integrity: Framework and Applications}},
  year=2006,
  booktitle="IEEE Symposium on Security and Privacy"
}

@misc{boyd1,
  author="danah boyd",
  title={Privacy and Publicity in the Context of Big Data},
  howpublished={\url{http://www.danah.org/papers/talks/2010/WWW2010.html}},
  year=2010,
  organization="WWW",
  note="Raleigh, NC"}

@misc{boyd2,
  author="danah boyd",
  howpublished={\url{http://www.danah.org/papers/talks/2010/SXSW2010.html}},
  year=2010,
  month="March",
  organization="SXSW",
  location="Austin, Texas",
  title={{Making Sense of Privacy and Publicity}}}

@misc{browserid,
  title={{Deploying BrowserID at Mozilla}},
  howpublished={\url{http://identity.mozilla.com/post/12950196039/deploying-browserid-at-mozilla}},
  author="Ben Adida",
  year=2011,
  month="November 17"}

@inproceedings{chew,
  author = {Monica Chew and Dirk Balfanz and Ben Laurie},
  title = {{(Under)mining Privacy in Social Networks}},
  year = {2008},
  booktitle="Web 2.0 Security and Privacy",
}

@misc{chrysler,
  author="Erik Qualman",
  title={{Chrysler Fires Agency over F*** Tweet}},
  howpublished={\url{http://www.socialnomics.net/2011/03/14/chrysler-fires-agency-over-f-tweet/}},
  year=2011,
  month="March 14"}

@misc{collusion,
  author="Atul Varma",
  title={{Collusion}},
  howpublished={\url{http://www.toolness.com/wp/2011/07/collusion/}},
  year=2011
}
    
@book{delete,
  author="Viktor Mayer-Schoenberger",
  title={{Delete: The Virtue of Forgetting in the Digital Age}},
  year=2011,
  month="July",
  publisher="Princeton University Press"}

@misc{disconnect,
  author="Brian Kennish",
  title={{Meet Disconnect}},
  howpublished={\url{http://byoogle.blogspot.com/2010/12/meet-disconnect.html}},
  year=2010,
  month="December"}

@misc{dnt,
  author="J. Mayer and A. Narayanan and S. Stamm",
  howpublished={\url{http://tools.ietf.org/html/draft-mayer-do-not-track-00}},
  title={{Do Not Track: A Universal Third-Party Web Tracking Opt Out}},
  year=2011,
  month="March 7"}

@misc{eff_pseudonyms,
  howpublished={\url{https://www.eff.org/deeplinks/2011/07/case-pseudonyms}},
  author="Jillian C. York",
  title={{A Case for Pseudonyms}},
  year=2011,
  month="July 29"}

@misc{fb_connect,
  howpublished={\url{http://developers.facebook.com/blog/post/2008/05/09/announcing-facebook-connect/}},
  author="Dave Morin",
  title={{Announcing Facebook Connect}},
  year=2008,
  month="May 9"}

@misc{fb_names,
  howpublished={\url{http://www.facebook.com/help/?page=258984010787183}},
  title={{Facebook's Name Policy}},
  year=2012,
  month="October 10",
  author="Facebook Help Center"}

@misc{fbusers,
  howpublished={\url{http://newsroom.fb.com/News/One-Billion-People-on-Facebook-1c9.aspx}},
  author="Mark Zuckerberg",
  title={{One Billion People on Facebook}},
  year=2012,
  month="October",
  day=4}

@misc{fbtips1,
  howpublished={\url{http://mashable.com/2010/05/18/facebook-privacy-tips/}},
  author="Adam Rosenberg",
  title={{5 Essential Facebook Privacy Tips}},
  year=2010,
  month="May",
  organization="Mashable"}

@misc{fbtips2,
  author="Alicia Eler",
  howpublished={\url{http://www.readwriteweb.com/archives/top_5_facebook_privacy_tips.php}},
  title={{Top 5 Facebook Privacy Tips}},
  year=2012,
  month="April",
  organization="ReadWriteWeb"}
  
@misc{fugitivus,
  author="Harriet J.",
  title={{Fuck you, Google}},
  howpublished={\url{http://www.fugitivus.net/2010/02/11/fuck-you-google/}},
  year=2010,
  month="February 11"}

@misc{girlsaroundme,
  howpublished={\url{http://www.cultofmac.com/157641/this-creepy-app-isnt-just-stalking-women-without-their-knowledge-its-a-wake-up-call-about-facebook-privacy/}},
  author="John Brownlee",
  title={{This creepy app isn't just stalking women without their knowledge, it's a wake-up call about Facebook privacy}},
  year=2012,
  month="March 30"}

@book{goffman,
  author="Erving Goffman",
  year=1959,
  title={{The Presentation of Self in Everyday Life}},
  publisher="Anchor"}

@misc{google_names,
  author="Google Help",
  title={{Google+ Page and Profile Names}},
  howpublished={\url{http://support.google.com/plus/bin/answer.py?hl=en&answer=1228271}},
  year=2012,
  month="October 10"}

@misc{google_sharing,
  author="Michael Kassner",
  howpublished={\url{http://www.techrepublic.com/blog/security/googlesharing-a-way-to-prevent-tracking-by-google/3032}},
  year=2010,
  month="January 2010"}

@misc{helft,
  author="Miguel Helft",
  title={{Google Thinks It Knows Your Friends}},
  month="December 26",
  howpublished={\url{http://bits.blogs.nytimes.com/2007/12/26/google-thinks-it-knows-your-friends/}},
  year=2007,
}

@book{jung,
  author = "C. G. Jung",
  publisher="London",
  title = "Two Essays on Analytical Psychology",
  year = 1953}


@misc{kitchenaid,
  author="Mark Memmott",
  title={{KitchenAid apologizes for `offensive tweet' about Obama's grandmother}},
  howpublished={\url{http://www.npr.org/blogs/thetwo-way/2012/10/04/162293140/kitchenaid-apologizes-for-offensive-tweet-about-obamas-grandmother}},
  year=2012,
  month="October 4"}

@inproceedings{lindamood,
  author="Jack Lindamood and Raymond Heatherly and Murat Kantarcioglu and Bhavani Thuraisingham",
  title={{Inferring private information using social network data}},
  booktitle="WWW",
  year=2009}

@misc{maine,
  author="Elizabeth Hartfield",
  title={{Maine Candidate's World of Warcraft Persona Stirs Debate}},
  howpublished={\url{http://abcnews.go.com/blogs/politics/2012/10/maine-candidates-world-of-warcraft-persona-stirs-debate/}},
  year=2012,
  month="October 5"}

@misc{mccarthy,
  author="Caroline McCarthy",
  title={{MoveOn.org takes on Facebook's `Beacon' ads}},
  howpublished={\url{http://news.cnet.com/8301-13577_3-9821170-36.html}},
  year=2007,
  month="November 20"
}

@inproceedings{mislove,
  title={{You Are Who You Know: Inferring User Profiles in Online Social Networks}},
  author="Alan Mislove and Bimal Viswanath and Krishna P. Gummadi and Peter Druschel",
  year=2010,
  booktitle="WDSM"}

@misc{nakashima,
  author="Ellen Nakashima",
  title={{Feeling Betrayed, Facebook Users Force Site to Honor Their Privacy}},
  year=2007,
  month="November 30"}

@inproceedings{narayanan1,
  title={{Robust De-anonymization of Large Sparse Datasets}},
  author="Arvind Narayanan and Vitaly Shmatikov",
  year="2008",
  booktitle="IEEE Symposium on Security and Privacy"
}

@inproceedings{narayanan2,
  title={{De-anonymizing Social Networks}},
  author="Arvind Narayanan and Vitaly Shmatikov",
  year="2009",
  booktitle="IEEE Symposium on Security and Privacy"
}

@book{nissenbaum,
  author="Helen Nissenbaum",
  title={{Privacy in Context: Technology, Policy, and the Integrity of Social Life}},
  year=2010,
  publisher="Stanford University Press"}

@misc{oauth,
  howpublished={\url{http://tools.ietf.org/html/draft-ietf-oauth-v2-31}},
  author="D. Hardt, Ed.",
  year=2012,
  month="July 31",
  title={{The OAuth 2.0 Authorization Framework}}}

@misc{patientslikeme,
  title={{PatientsLikeMe}},
  howpublished={\url{http://www.patientslikeme.com/}},
  author="Benjamin Heywood and James Heywood and Jeff Cole",
  year=2012,
  month="October 10"}

@misc{politwoops,
  title={{Politiwoops}},
  howpublished={\url{http://politwoops.com/}},
  note="All deleted politication tweets"}

@misc{reputation,
  title={{reputation.com}},
  howpublished="reputation.com",
  note="service for cleaning up personal information"}

@inproceedings{skins,
  title={{The battle against phishing: Dynamic Security Skins}},
  author="Rachna Dhamija and J. D. Tygar",
  booktitle="Symposium on Usable Privacy and Security",
  year=2005}

@inproceedings{tamir,
  author="Diana I. Tamir and Jason P. Mitchell",
  title={{Disclosing information about the self is intrinsically rewarding}},
  year="2012",
  booktitle="Proceedings of the National Academy of Sciences of the United States of America",
  month="May"}

@inproceedings{tang,
  author="Jie Tang and Tiancheng Lou and Jon Kleinberg",
  title={{Inferring Social Ties across Heterogenous Networks}},
  year=2012,
  booktitle="5th ACM Symposium on Web Search and Data Mining"
}

@misc{timeline,
  author="Matthew Lynley",
  title={{Facebook on Privacy Scare: Nothing to See Here}},
  howpublished={\url{http://blogs.wsj.com/digits/2012/09/24/facebook-on-privacy-scare-nothing-to-see-here/}},
  year=2012,
  month="September 24"}

@article{viegas,
  author="Fernanda B. Vi\`{e}gas",
  title={{Bloggers' Expectations of Privacy and Accountability: An Initial Survey}},
  year=2005,
  journal="Journal of Computer-Mediated Communication",
  volume=10,
  number=3}

@inproceedings{wang,
  author="Yang Wang and Gregory Norcie and Saranga Komanduri and Pedro Giovanni Leon and Lorrie Faith Cranor and Alessandro Acquisti",
  year=2011,
  title={{``I regretted the minute I pressed share'': A Qualitative Study of Regrets on Facebook}},
  booktitle="Symposium on Usable Privacy and Security"}

@misc{weiner,
  author="Adam Ostrow",
  title={{Rep. Weiner meant to send lewd photo as direct message}},
  howpublished={\url{http://mashable.com/2011/06/06/anthony-weiner-direct-message/}},
  year=2011,
  month="June 6"}

@misc{yegge,
  author="Todd Wasserman",
  title={{Google Engineer Accidentally Posts Rant about Google+}},
  howpublished={\url{http://mashable.com/2011/10/12/google-engineer-rant-google-plus/}},
  year=2011,
  month="October 12"}
